<record><leader>00000cas a22000007a 4500</leader><controlfield tag="001">10848464</controlfield><controlfield tag="008">840615d18761883iaudn ne      0    0eng d</controlfield><datafield ind1=" " ind2=" " tag="010"><subfield code="a">sn 84027062 </subfield></datafield><datafield ind1=" " ind2=" " tag="040"><subfield code="a">NPU</subfield><subfield code="b">eng</subfield><subfield code="c">NPU</subfield><subfield code="d">NPX</subfield><subfield code="d">INP</subfield><subfield code="d">OCLCQ</subfield></datafield><datafield ind1=" " ind2=" " tag="042"><subfield code="a">msc</subfield></datafield><datafield ind1="0" ind2=" " tag="130"><subfield code="a">Burlington daily gazette (Burlington, Iowa : 1876)</subfield></datafield><datafield ind1="1" ind2="0" tag="245"><subfield code="a">Burlington daily gazette.</subfield></datafield><datafield ind1="3" ind2="0" tag="246"><subfield code="a">Burlington gazette</subfield></datafield><datafield ind1="1" ind2="3" tag="246"><subfield code="a">Evening gazette</subfield></datafield><datafield ind1="1" ind2="7" tag="246"><subfield code="a">Burlington evening gazette</subfield><subfield code="f">Aug. 11, 1876</subfield></datafield><datafield ind1=" " ind2=" " tag="260"><subfield code="a">Burlington, Iowa :</subfield><subfield code="b">Gazette Print. Co.,</subfield><subfield code="c">1876-1883.</subfield></datafield><datafield ind1=" " ind2=" " tag="300"><subfield code="a">v. :</subfield><subfield code="b">ill. (chiefly advertisements) ;</subfield><subfield code="c">59-65 cm.</subfield></datafield><datafield ind1=" " ind2=" " tag="310"><subfield code="a">Daily (except Sunday)</subfield></datafield><datafield ind1="0" ind2=" " tag="362"><subfield code="a">Aug. 12, 1876-Sept. 29, 1883.</subfield></datafield><datafield ind1=" " ind2=" " tag="500"><subfield code="a">"Democratic," &lt;1876&gt;.</subfield></datafield><datafield ind1=" " ind2=" " tag="500"><subfield code="a">Editor: Louis Melius, Aug. 11-&lt;Oct. 23, 1876&gt;.</subfield></datafield><datafield ind1=" " ind2=" " tag="752"><subfield code="a">United States</subfield><subfield code="b">Iowa</subfield><subfield code="c">Des Moines</subfield><subfield code="d">Burlington.</subfield></datafield><datafield ind1="0" ind2=" " tag="775"><subfield code="t">Weekly gazette (Burlington, Iowa)</subfield><subfield code="w">(DLC)sn 84037929</subfield><subfield code="g">&lt;Aug. 17, 1876&gt;</subfield></datafield><datafield ind1="0" ind2="0" tag="780"><subfield code="t">Evening gazette (Burlington, Iowa : 1875)</subfield><subfield code="w">(DLC)sn 86060021</subfield></datafield><datafield ind1="0" ind2="0" tag="785"><subfield code="t">Daily gazette (Burlington, Iowa)</subfield><subfield code="w">(DLC)sn 86060027</subfield></datafield><datafield ind1="1" ind2=" " tag="029"><subfield code="a">AU@</subfield><subfield code="b">000025787169</subfield></datafield></record>